
   <record>
      <leader>00000nz  a2200000nc 4500</leader>
      <controlfield tag="001">institutions/30080911</controlfield>
      <controlfield tag="003">DE-633</controlfield>
      <controlfield tag="005">20250620052134.0</controlfield>
      <controlfield tag="008">161109||||z|||a|||||||||||||||||n||||||d</controlfield>
      <datafield tag="024" ind1="7" ind2=" ">
         <subfield code="a">RCH-Sbprd</subfield>
         <subfield code="q">siglum</subfield>
         <subfield code="2">rism</subfield>
      </datafield>
      <datafield tag="034" ind1="2" ind2=" ">
         <subfield code="d">-70.645136</subfield>
         <subfield code="f">-33.424115</subfield>
      </datafield>
      <datafield tag="040" ind1=" " ind2=" ">
         <subfield code="a">DE-633</subfield>
         <subfield code="c">DE-633</subfield>
         <subfield code="e">rismg</subfield>
      </datafield>
      <datafield tag="043" ind1=" " ind2=" ">
         <subfield code="c">XD-CL</subfield>
      </datafield>
      <datafield tag="110" ind1="2" ind2=" ">
         <subfield code="a">Biblioteca Patrimonial Recoleta Dominica</subfield>
         <subfield code="c">Santiago</subfield>
         <subfield code="g">RCH-Sbprd</subfield>
      </datafield>
      <datafield tag="368" ind1=" " ind2=" ">
         <subfield code="a">Institution</subfield>
      </datafield>
      <datafield tag="368" ind1=" " ind2=" ">
         <subfield code="a">Library</subfield>
      </datafield>
      <datafield tag="371" ind1=" " ind2=" ">
         <subfield code="a">Biblioteca Patrimonial Recoleta Dominica, Avenida Recoleta, Santiago, Chile</subfield>
         <subfield code="u">http://www.centropatrimonialrecoletadominica.cl/619/w3-propertyvalue-39931.html</subfield>
      </datafield>
      <datafield tag="551" ind1=" " ind2=" ">
         <subfield code="a">Santiago</subfield>
         <subfield code="0">places/3902207</subfield>
      </datafield>
   </record>